@article{rebollo2011memoria,
    title={La memoria},
    author="Rebollo Pedruelo, Miguel",
    year= "2011",
    url = "http://hdl.handle.net/10251/10788"
}

@online{computerhoy,
    author = {Andr{\'e}s, Rub{\'e}n},
    title = {Latencia vs. megahercios, Â¿qu{\'e} es m{\'a}s importante al elegir la RAM para tu PC?},
    url = {https://computerhoy.com/reportajes/tecnologia/latencia-vs-megahercios-importante-elegir-ram-pc-420979},
    addendum = "(accessed: 07.09.2020)",
    keywords = "latencia,frecuencia"
}
@article{andres2017cual,
    title={?` Cu{\'a}l es la mejor opci{\'o}n?: Sistemas de almacenamiento: SSD, HDD O SSHD},
    author={Andr{\'e}s, Rub{\'e}n},
    journal={Personal computer \& internet},
    number={178},
    pages={38--41},
    year={2017},
    publisher={Axel Springer Espa{\~n}a, SA}
}

@online{Salazar,
    author = "Augusto Salazar",
    title = "Taller - Nociones de la memoria del computador",
}

@online{aguilera2015sistemas,
  title={Sistemas operativos. Unidad 6: administraci{\'o}n de memoria (2015)},
  author={Aguilera, Sergio},
  year={2015},
  publisher={C{\'a}tedras-Facultad de Ingenier{\'\i}a y Tecnolog{\'\i}a Inform{\'a}tica-Universidad de Belgrano},
  url = {http://repositorio.ub.edu.ar/handle/123456789/5258}
}
.